@book{neumann1977post,
  title={Post Processing Audit Tools and Techniques},
  author={Neumann, AJ and Statland, N and Webb, RD},
  booktitle={Proceedings of the NBS Workshop, Miami Beach, Florida, USA},
  pages={36--341},
  year={1977}
}

@misc{digital_attack,
	title = {Digital {Attack} {Map}},
	howpublished={\url{https://www.digitalattackmap.com}},
	abstract = {A live data visualization of DDoS attacks around the globe},
	language = {en},
	urldate = {2021-06-03}
}

@misc{cve_mitre,
	title = {{CVE} - {CVE}},
	howpublished={\url{https://cve.mitre.org/}},
	urldate = {2021-06-03}
}

@misc{tesisIliaBlockin,
year = {2020},
url = {http://hdl.handle.net/10481/63614},
abstract = {El incremento en el volumen de datos a procesar ha desencadenado una línea específica
de investigación que se engloba bajo el término de Big Data.
Conforme se abren nuevas soluciones computacionalmente más complejas, al mismo
tiempo aparecen nuevos desafíos tecnológicos, y es lo que ha ocurrido con la seguridad
en el procesamiento de dichos flujos masivos de datos.
Las leyes de protección de datos tratan de dar un marco jurídico de defensa de derechos,
pero detrás tiene que haber un soporte tecnológico que garantice el acceso sólo a
aquellas personas que estén realmente autorizadas.
Resulta vital contar con elementos que garanticen la protección y el almacenamiento
seguro de dichos datos, por lo que los mecanismos de autenticación juegan un rol
importante. Sistemas basados en usuario y contraseña no son suficientes en un mundo
interconectado por Internet, donde la facilidad de acceso global también entraña riesgos
por accesos no autorizados.
Continuamente vemos en las noticias como las empresas y organismos sufren ataques
donde ponen al descubierto datos sensibles. Es por ello que resulta necesario tomar
medidas que puedan hacer frente a posibles ciberataques.
La criptografía de clave pública es una poderosa herramienta matemática que permite
crear escenarios seguros. En particular, la criptografía basada en algoritmos de curva
elíptica permite
El objetivo principal de esta tesis es el estudio del problema de la seguridad en entornos
Big Data y el desarrollo de soluciones basada en sistemas electrónicos que permitan
mejorar la seguridad en el acceso a sistemas donde deben procesarse un elevado
volumen de datos. Los sistemas propuestos ofrecen una solución eficiente y flexible
para aumentar la seguridad en el acceso a servicios y sistemas que pueden procesar gran
cantidad de información.},
organization = {Tesis Univ. Granada.},
publisher = {Universidad de Granada},
keywords = {Big Data},
keywords = {Criptografía (Informática)},
keywords = {Seguridad de la información},
title = {Mecanismos de seguridad para Big Data basados en circuitos criptográficos},
author = {Blokhin, Ilia},
}

@misc{multipauthpaper,
year = {2020},
month = {7},
url = {http://hdl.handle.net/10481/63423},
abstract = {Multifactor authentication is a relevant tool in securing IT infrastructures combining two or
more credentials. We can find smartcards and hardware tokens to leverage the authentication process,
but they have some limitations. Users connect these devices in the client node to log in or request access
to services. Alternatively, if an application wants to use these resources, the code has to be amended
with bespoke solutions to provide access. Thanks to advances in system-on-chip devices, we can
integrate cryptographically robust, low-cost solutions. In this work, we present an autonomous device
that allows multifactor authentication in client–server systems in a transparent way, which facilitates
its integration in High-Performance Computing (HPC) and cloud systems, through a generic gateway.
The proposed electronic token (eToken), based on the system-on-chip ESP32, provides an extra layer
of security based on elliptic curve cryptography. Secure communications between elements use
Message Queuing Telemetry Transport (MQTT) to facilitate their interconnection. We have evaluated
different types of possible attacks and the impact on communications. The proposed system offers an
efficient solution to increase security in access to services and systems.},
organization = {Spanish Ministry of Science, Innovation and Universities (MICINN) 	
PGC2018-096663-B-C44, European Union (EU)},
publisher = {MDPI},
keywords = {Elliptic curve cryptography},
keywords = {Authentication protocol},
keywords = {Cryptographic devices},
keywords = {Security keys},
title = {Multiprotocol Authentication Device for HPC and Cloud Environments Based on Elliptic Curve Cryptography},
doi = {doi:10.3390/electronics9071148},
author = {Díaz García, Antonio Francisco and Blokhin, Ilia and Anguita López, Mancia and Ortega Lopera, Julio and Escobar Pérez, Juan José},
}

@article{newman2010salted,
  title={Salted challenge response authentication mechanism (SCRAM) SASL and GSS-API mechanisms},
  author={Newman, C and Menon-Sen, A and Melnikov, A and Williams, N},
  journal={Internet Requests for Comments, RFC Editor, RFC},
  volume={5802},
  year={2010}
}

@article{braeken2018puf,
  title={PUF based authentication protocol for IoT},
  author={Braeken, An},
  journal={Symmetry},
  volume={10},
  number={8},
  pages={352},
  year={2018},
  publisher={Multidisciplinary Digital Publishing Institute}
}

@incollection{gao2020scitokens,
  title={SciTokens SSH: Token-based Authentication for Remote Login to Scientific Computing Environments},
  author={Gao, You Alex and Basney, Jim and Withers, Alex},
  booktitle={Practice and Experience in Advanced Research Computing},
  pages={465--468},
  year={2020}
}

@phdthesis{fayad2020secure,
  title={Secure authentication protocol for Internet of Things},
  author={Fayad, Achraf},
  year={2020},
  school={Institut Polytechnique de Paris}
}

@misc{noauthor_googlegoogle-authenticator-libpam_2021,
	title = {google/google-authenticator-libpam},
	copyright = {Apache-2.0},
  howpublished={\url{https://github.com/google/google-authenticator-libpam}},
	urldate = {2021-06-11},
	publisher = {Google},
	month = jun,
	year = {2021},
}

@misc{noauthor_yubikey_nodate,
	title = {{YubiKey}},
  howpublished={\url{https://www.yubico.com/la-yubikey/?lang=es}},
	abstract = {The industry's \#1 security key, enabling strong two-factor, multi-factor and passwordless authentication.},
	language = {es-ES},
	urldate = {2021-06-11},
	journal = {Yubico},
}

@misc{noauthor_single_nodate,
	title = {Single sign-on: {What} is it \& how does it work?},
	shorttitle = {Single sign-on},
  howpublished={\url{https://www.onelogin.com/learn/how-single-sign-on-works}},
	abstract = {Looking to secure your digital assets and save time? See how SSO can make your IT department’s work easier.},
	language = {en},
	urldate = {2021-06-11},
	journal = {OneLogin},
}

@book{van2014encyclopedia,
  title={Encyclopedia of cryptography and security},
  author={Van Tilborg, Henk CA and Jajodia, Sushil},
  year={2014},
  publisher={Springer Science \& Business Media}
}

@inproceedings{braz2006security,
  title={Security and usability: the case of the user authentication methods},
  author={Braz, Christina and Robert, Jean-Marc},
  booktitle={Proceedings of the 18th Conference on l'Interaction Homme-Machine},
  pages={199--203},
  year={2006}
}

@misc{bases_seguridad,
	title = {Bases de la seguridad informática {\textbar} {Seguridad} {Informática}},
  howpublished={\url{http://descargas.pntic.mec.es/mentor/visitas/demoSeguridadInformatica/bases_de_la_seguridad_informtica.html}},
	urldate = {2021-06-12},
}

@article{ometov2018multi,
  title={Multi-factor authentication: A survey},
  author={Ometov, Aleksandr and Bezzateev, Sergey and M{\"a}kitalo, Niko and Andreev, Sergey and Mikkonen, Tommi and Koucheryavy, Yevgeni},
  journal={Cryptography},
  volume={2},
  number={1},
  pages={1},
  year={2018},
  publisher={Multidisciplinary Digital Publishing Institute}
}

@article{madakam2015internet,
  title={Internet of Things (IoT): A literature review},
  author={Madakam, Somayya and Lake, Vihar and Lake, Vihar and Lake, Vihar and others},
  journal={Journal of Computer and Communications},
  volume={3},
  number={05},
  pages={164},
  year={2015},
  publisher={Scientific Research Publishing}
}

@article{sugumar2020mqtt,
  title={MQTT-A LIGHTWEIGHT COMMUNICATION PROTOCOL RELATIVE STUDY},
  author={SUGUMAR, KALAIVANAN},
  journal={Authorea Preprints},
  year={2020},
  publisher={Authorea}
}

@misc{eclipse_2018,
	title = {Eclipse {Mosquitto}},
  howpublished={\url{https://mosquitto.org/}},
	abstract = {Version 2.0 has been released!
		The full details are available on the blog post.
	  Eclipse Mosquitto is an open source (EPL/EDL licensed) message broker that
		implements the MQTT protocol ve},
	language = {en},
	urldate = {2021-06-14},
	journal = {Eclipse Mosquitto},
	month = jan,
	year = {2018},
}

@misc{hivemq,
	title = {{HiveMQ} - {Enterprise} ready {MQTT} to move your {IoT} data},
  howpublished={\url{https://www.hivemq.com/}},
	urldate = {2021-06-14},
}

@misc{moscajsmosca_2021,
	title = {moscajs/mosca},
  howpublished={\url{https://github.com/moscajs/mosca}},
	abstract = {MQTT broker as a module},
	urldate = {2021-06-14},
	publisher = {moscajs},
	month = jun,
	year = {2021},
}

@misc{cloudmqtt,
	title = {{CloudMQTT} - {Hosted} message broker for the {Internet} of {Things}},
  howpublished={\url{https://www.cloudmqtt.com/}},
	abstract = {Hosted message broker for the Internet of Things. Perfectly configured and optimized message queues for IoT, ready in seconds.},
	language = {en},
	urldate = {2021-06-14},
}

@misc{mqttjs,
	title = {{MQTT}.js},
  howpublished={\url{https://github.com/mqttjs}},
	abstract = {node and Javascript MQTT client and parser. MQTT.js has 12 repositories available. Follow their code on GitHub.},
	language = {en},
	urldate = {2021-06-14},
	journal = {GitHub},
}

@inproceedings{mccurley1990discrete,
  title={The discrete logarithm problem},
  author={McCurley, Kevin S},
  booktitle={Proc. of Symp. in Applied Math},
  volume={42},
  pages={49--74},
  year={1990},
  organization={USA}
}

@book{paar2009understanding,
  title={Understanding cryptography: a textbook for students and practitioners},
  author={Paar, Christof and Pelzl, Jan},
  year={2009},
  publisher={Springer Science \& Business Media}
}

@inproceedings{samar1996unified,
  title={Unified login with pluggable authentication modules (PAM)},
  author={Samar, Vipin},
  booktitle={Proceedings of the 3rd ACM conference on Computer and communications security},
  pages={1--10},
  year={1996}
}

@misc{pam_sm_authenticate3,
	title = {pam\_sm\_authenticate(3) - {Linux} manual page},
  howpublished={\url{https://man7.org/linux/man-pages/man3/pam_sm_authenticate.3.html}},
	urldate = {2021-06-16},
}

@misc{pam_get_user3,
	title = {pam\_get\_user(3) - {Linux} manual page},
	howpublished = {\url{https://man7.org/linux/man-pages/man3/pam_get_user.3.html}},
	urldate = {2021-06-16},
	file = {pam_get_user(3) - Linux manual page:C\:\\Users\\SGARCIA\\Zotero\\storage\\X4RQ42N2\\pam_get_user.3.html:text/html},
}


@misc{mosquittoconf_2021,
	title = {mosquitto.conf man page},
	howpublished = {\url{https://mosquitto.org/man/mosquitto-conf-5.html}},
	abstract = {mosquitto.conf — the configuration file for mosquitto},
	language = {en},
	urldate = {2021-06-19},
	journal = {Eclipse Mosquitto},
	month = jun,
	year = {2021},
}


@misc{vagrant,
	title = {Vagrant by {HashiCorp}},
	howpublished = {\url{https://www.vagrantup.com/}},
	abstract = {Vagrant enables users to create and configure lightweight, reproducible, and portable development environments.},
	urldate = {2021-06-19},
	journal = {Vagrant by HashiCorp},
}


@misc{garcia_sergiogp98mqtt-pam_2021,
	title = {sergiogp98/mqtt-pam},
	howpublished = {\url{https://github.com/sergiogp98/mqtt-pam}},
	urldate = {2021-06-20},
	author = {García, Sergio},
	month = jun,
	year = {2021},
}

@inproceedings{farooq2019elliptic,
  title={Elliptic curve digital signature algorithm (ECDSA) certificate based authentication scheme for advanced metering infrastructure},
  author={Farooq, Shaik Mullapathi and Hussain, SM Suhail and Ustun, Taha Selim},
  booktitle={2019 Innovations in Power and Advanced Computing Technologies (i-PACT)},
  volume={1},
  pages={1--6},
  year={2019},
  organization={IEEE}
}


@misc{virtualbox,
	title = {Oracle {VM} {VirtualBox}},
	howpublished = {\url{https://www.virtualbox.org/}},
	urldate = {2021-07-01},
}
